@article{sndlib,
 author = {Orlowski, S. and Wess\"{a}ly, R. and Pi\'{o}ro, M. and Tomaszewski, A.},
 title = {SNDlib 1.0\&Mdash;Survivable Network Design Library},
 journal = {Netw.},
 issue_date = {May 2010},
 volume = {55},
 number = {3},
 month = may,
 year = {2010},
 issn = {0028-3045},
 pages = {276--286},
 numpages = {11},
 url = {http://dx.doi.org/10.1002/net.v55:3},
 doi = {10.1002/net.v55:3},
 acmid = {1780385},
 publisher = {Wiley-Interscience},
 address = {New York, NY, USA},
 keywords = {data library, optimization, telecommunication network design},
} 

@inproceedings{KonakS05,
  added-at = {2006-02-10T00:00:00.000+0100},
  author = {Konak, Abdullah and Smith, Alice E.},
  biburl = {http://www.bibsonomy.org/bibtex/2cc96939af514ea2f61bae3a39a2a7d73/dblp},
  booktitle = {GECCO},
  date = {2006-02-10},
  description = {dblp},
  editor = {Beyer, Hans-Georg and O'Reilly, Una-May},
  ee = {http://doi.acm.org/10.1145/1068009.1068217},
  interhash = {42b93cb52de011c9d73109f7b1b3f4ae},
  intrahash = {cc96939af514ea2f61bae3a39a2a7d73},
  isbn = {1-59593-010-8},
  keywords = {dblp},
  pages = {1279-1285},
  publisher = {ACM},
  timestamp = {2006-02-10T00:00:00.000+0100},
  title = {Designing resilient networks using a hybrid genetic algorithm approach.},
  url = {http://dblp.uni-trier.de/db/conf/gecco/gecco2005.html#KonakS05},
  year = 2005
}

@article{Rosenberg05,
  added-at = {2011-11-03T00:00:00.000+0100},
  author = {Rosenberg, Eric},
  biburl = {http://www.bibsonomy.org/bibtex/2137fa20ff86e66b4c565d814815f145a/dblp},
  ee = {http://dx.doi.org/10.1109/TNET.2005.860100},
  interhash = {10738b4260fd3dc044a5d5e78814ccee},
  intrahash = {137fa20ff86e66b4c565d814815f145a},
  journal = {IEEE/ACM Transactions on Networking},
  keywords = {dblp},
  number = 6,
  pages = {1402-1409},
  timestamp = {2011-11-03T00:00:00.000+0100},
  title = {Hierarchical topological network design.},
  url = {http://dblp.uni-trier.de/db/journals/ton/ton13.html#Rosenberg05},
  volume = 13,
  year = 2005
}

@ARTICLE {morais, 
author={Morais, R.M. and Pavan, C. and Pinto, A. N. and Agra, C. },
journal={IEEE/OSA Journal of Optical Communications and Networking}, 
title={Genetic Algorithm for the Topological Design of Survivable Optical Transport Networks}, 
year={2011}, 
month={January}, 
volume={3}, 
number={1}, 
pages={17-26}, 
ISSN={1943-0620},
}

@inproceedings{pluntke,
  added-at = {2011-04-05T14:55:09.000+0200},
  address = {Dresden, Germany},
  author = {Pluntke, Christopher and Menth, Michael and Duelli, Michael},
  biburl = {http://www.bibsonomy.org/bibtex/2f7cdc6c2f6fa35e57ca417d64a52ad49/uniwue_info3},
  booktitle = {IEEE International Conference on Communications (ICC)},
  interhash = {1c4d43d2624ca27f68f6bb0d314844ee},
  intrahash = {f7cdc6c2f6fa35e57ca417d64a52ad49},
  keywords = {; info3; myown},
  month = {6},
  pdf = {http://www3.informatik.uni-wuerzburg.de/papers/conf_342.pdf},
  timestamp = {2011-04-05T14:55:09.000+0200},
  title = {CAPEX-Aware Design of Survivable DWDM Mesh Networks},
  year = 2009
}

@article{Cao:13, 
author = {Cong Cao and Moshe Zukerman and Weiwei Wu and JonathanH. Manton and Bill Moran}, 
journal = {J. Lightwave Technol.}, 
keywords = {},
number = {5}, 
pages = {715--730}, 
publisher = {OSA},
title = {Survivable Topology Design of Submarine Networks}, 
volume = {31}, 
month = {Mar},
year = {2013},
url = {http://jlt.osa.org/abstract.cfm?URI=jlt-31-5-715}
}

@article{Barr09,
  added-at = {2009-11-27T00:00:00.000+0100},
  author = {Abd-El-Barr, Mostafa},
  biburl = {http://www.bibsonomy.org/bibtex/2baf909eea70487ff2554d68405a273d2/dblp},
  date = {2009-11-27},
  description = {dblp},
  ee = {http://dx.doi.org/10.1016/j.jnca.2008.12.001},
  interhash = {5c7451cb9a7725c5451c9f3ba8e1c98e},
  intrahash = {baf909eea70487ff2554d68405a273d2},
  journal = {Journal of Network and Computer Applications},
  keywords = {dblp},
  number = 3,
  pages = {501-509},
  timestamp = {2009-11-27T00:00:00.000+0100},
  title = {Topological network design: A survey},
  url = {http://dblp.uni-trier.de/db/journals/jnca/jnca32.html#Abd-El-Barr09},
  volume = 32,
  year = 2009
}

@article{citeulike:7356278,
    author = {Pavan, Claunir and Morais, Rui M. and Ferreira da Rocha, Jos\'{e} R. and Pinto, Armando N.},
    citeulike-article-id = {7356278},
    citeulike-linkout-0 = {http://dx.doi.org/10.1364/jocn.2.000080},
    citeulike-linkout-1 = {http://www.opticsinfobase.org/abstract.cfm?id=194281},
    day = {1},
    doi = {10.1364/jocn.2.000080},
    journal = {J. Opt. Commun. Netw.},
    keywords = {computer-generated\_network\_topology, optical\_transport\_network, physical\_topology},
    month = jan,
    number = {1},
    pages = {80--90},
    posted-at = {2010-06-24 14:56:21},
    priority = {0},
    publisher = {OSA},
    title = {{Generating Realistic Optical Transport Network Topologies}},
    url = {http://dx.doi.org/10.1364/jocn.2.000080},
    volume = {2},
    year = {2010}
}

@article{mahjoub,
 author = {Kerivin, Herv{\'e} and Mahjoub, A. Ridha},
 title = {Design of Survivable Networks: A Survey},
 journal = {Netw.},
 issue_date = {August 2005},
 volume = {46},
 number = {1},
 month = aug,
 year = {2005},
 issn = {0028-3045},
 pages = {1--21},
 numpages = {21},
 url = {http://dx.doi.org/10.1002/net.v46:1},
 doi = {10.1002/net.v46:1},
 acmid = {1071750},
 publisher = {Wiley-Interscience},
 address = {New York, NY, USA},
 keywords = {heuristic, hop-constraint, polyhedral approach, survivable network},
} 

@book{West01,
  added-at = {2007-01-05T13:18:55.000+0100},
  author = {West, D. B.},
  biburl = {http://www.bibsonomy.org/bibtex/20df4b81492fd52b98b892b075f0899ff/vitelot},
  citeulike-article-id = {1007428},
  description = {gcalda's book},
  interhash = {744069ccfb9d4ef74754849a3de3c9b9},
  intrahash = {0df4b81492fd52b98b892b075f0899ff},
  keywords = {graphs book},
  priority = {2},
  publisher = {Prentice Hall},
  timestamp = {2007-01-05T13:18:55.000+0100},
  title = {Introduction to Graph Theory (2nd Edition)},
  url = {http://www.amazon.com/Introduction-Graph-Theory-Douglas-West/dp/0130144002},
  year = 2001
}

@inproceedings{couto,
  author = {Couto, R. S. and Campista, M. E. M. and Costa, L. H. M. K.},
  booktitle = {Anais do XXX Simp\'osio Brasileiro de Redes de Computadores e Sistemas Distribu\'idos},
  title = {Uma Avaliação da Robustez Intra Data Centers Baseada na Topologia da Rede},
  year = {2012},
  month = {Maio},
  address = {Ouro Preto, MG, Brasil},
  pages = {610--623}
}

@inproceedings{salles,
  author = {Vasconcelos, M. F. and Salles, R. M.},
  booktitle = {Anais do XXX Simp\'osio Brasileiro de Redes de Computadores e Sistemas Distribu\'idos},
  title = {Emprego de Resili\^encia na Ger\^encia de Redes de Computadores},
  year = {2012},
  month = {Maio},
  address = {Ouro Preto, MG, Brasil},
  pages = {596--609}
}

@book{ahuja,
 author = {Ahuja, R. K. and Magnanti, T. L. and Orlin, J. B.},
 title = {Network Flows: Theory, Algorithms and Applications},
 year = {1993},
 publisher = {Prentice Hall},
 address = {USA}
}

@inproceedings{ianna,
 author = {Iannaccone, Gianluca and Chuah, Chen-nee and Mortier, Richard and Bhattacharyya, Supratik and Diot, Christophe},
 title = {Analysis of Link Failures in an IP Backbone},
 booktitle = {Proceedings of the 2Nd ACM SIGCOMM Workshop on Internet Measurement},
 series = {IMW '02},
 year = {2002},
 isbn = {1-58113-603-X},
 location = {Marseille, France},
 pages = {237--242},
 numpages = {6},
 url = {http://doi.acm.org/10.1145/637201.637238},
 doi = {10.1145/637201.637238},
 acmid = {637238},
 publisher = {ACM},
 address = {New York, NY, USA},
}

@ARTICLE{Xiao99internetqos,
    author = {Xipeng Xiao and Lionel M. Ni},
    title = {Internet {Q}o{S}: A big Picture},
    journal = {IEEE Network},
    year = {1999},
    volume = {13},
    pages = {8--18}
}

@inproceedings{chung,
 author = {Chung, F.R.K.},
 title = {Diameters of communication networks},
 booktitle = {Proceedings of the Symposium on Applied Mathematics of the American Mathematical Society},
 year = {1986},
 pages = {1--18},
 volume = {34}
}

@article{ivana,
  added-at = {2010-11-29T00:00:00.000+0100},
  author = {Chimani, Markus and Kandyba, Maria and Ljubic, Ivana and Mutzel, Petra},
  biburl = {http://www.bibsonomy.org/bibtex/222a5ee08c5b2f33cceb74f1678342e47/dblp},
  ee = {http://dx.doi.org/10.1007/s10107-010-0375-5},
  interhash = {8efe5d8451a5a0bcd60789554a4b56ba},
  intrahash = {22a5ee08c5b2f33cceb74f1678342e47},
  journal = {Mathematical Programming},
  keywords = {dblp},
  number = {1-2},
  pages = {413-439},
  timestamp = {2010-11-29T00:00:00.000+0100},
  title = {Orientation-based models for {0, 1, 2}-survivable network design: theory and practice.},
  url = {http://dblp.uni-trier.de/db/journals/mp/mp124.html#ChimaniKLM10},
  volume = 124,
  year = 2010
}

@misc{cplex,
 title = {CPLEX Optimizer},
 author = {IBM ILOG},
 url = {http://www-01.ibm.com/software/integration/optimization/cplex-optimizer},
 note = "[Online; acessado em 20-Mar-2013]",
 year = {2013}
}

@article{journals/eor/HertzW03,
  added-at = {2007-04-26T00:00:00.000+0200},
  author = {Hertz, Alain and Widmer, Marino},
  biburl = {http://www.bibsonomy.org/bibtex/2797cbf6df0bffe4dfa82fd8e2031ddd3/dblp},
  date = {2007-04-26},
  description = {dblp},
  ee = {http://dx.doi.org/10.1016/S0377-2217(02)00823-8},
  interhash = {bad5f085eddf5ffa3321e0e6cf0ad8ec},
  intrahash = {797cbf6df0bffe4dfa82fd8e2031ddd3},
  journal = {European Journal of Operational Research},
  keywords = {dblp},
  number = 2,
  pages = {247-252},
  timestamp = {2007-04-26T00:00:00.000+0200},
  title = {Guidelines for the use of meta-heuristics in combinatorial optimization.},
  url = {http://dblp.uni-trier.de/db/journals/eor/eor151.html#HertzW03},
  volume = 151,
  year = 2003
}

@book{Gendreau,
 author = {Gendreau, Michel and Potvin, Jean-Yves},
 title = {Handbook of Metaheuristics},
 year = {2010},
 isbn = {1441916636, 9781441916631},
 edition = {2nd},
 publisher = {Springer Publishing Company, Incorporated},
} 

@Article{mladeno,
  author={Hansen, Pierre and Mladenovic, Nenad},
  title={Variable neighborhood search: Principles and applications},
  journal={European Journal of Operational Research},
  year=2001,
  volume={130},
  number={3},
  pages={449-467},
  month={May},
  keywords={},
  abstract={No abstract is available for this item.},
  url={http://ideas.repec.org/a/eee/ejores/v130y2001i3p449-467.html}
}

@INPROCEEDINGS{Lourenco02iteratedlocal,
    author = {Helena R. Lourenço and Olivier C. Martin and Thomas St\"utzle},
    title = {Iterated local search},
    booktitle = {Handbook of Metaheuristics, volume 57 of International Series in Operations Research and Management Science},
    year = {2002},
    pages = {321--353},
    publisher = {Kluwer Academic Publishers}
}

@book{lawler76,
  added-at = {2007-07-06T10:33:42.000+0200},
  address = {New York},
  author = {Lawler, E.},
  biburl = {http://www.bibsonomy.org/bibtex/2fb3f7fe3a970c263769b14976f3bdab9/schaal},
  citeulike-article-id = {1431092},
  interhash = {51b1b71f83b1031ebbae35600989b2a3},
  intrahash = {fb3f7fe3a970c263769b14976f3bdab9},
  keywords = {no-tag},
  priority = {2},
  publisher = {Holt, Rinehart and Winston},
  timestamp = {2007-07-06T10:33:42.000+0200},
  title = {Combinatorial optimization: networks and matroids},
  year = 1976
}
